<record><leader>00000cas a22000007a 4500</leader><controlfield tag="001">15672305</controlfield><controlfield tag="008">870512d18661870inudn ne      0    0eng d</controlfield><controlfield tag="009">5452</controlfield><datafield ind1=" " ind2=" " tag="010"><subfield code="a">sn 87056002 </subfield></datafield><datafield ind1=" " ind2=" " tag="040"><subfield code="a">NPI</subfield><subfield code="b">eng</subfield><subfield code="c">NPI</subfield><subfield code="d">OCLCQ</subfield></datafield><datafield ind1=" " ind2=" " tag="042"><subfield code="a">msc</subfield></datafield><datafield ind1="0" ind2="4" tag="245"><subfield code="a">The Fort Wayne daily Democrat.</subfield></datafield><datafield ind1=" " ind2=" " tag="260"><subfield code="a">Fort Wayne, Ind. :</subfield><subfield code="b">Zimmerman &amp; Brown,</subfield><subfield code="c">1866-1870.</subfield></datafield><datafield ind1=" " ind2=" " tag="310"><subfield code="a">Daily (except Sun.)</subfield></datafield><datafield ind1="0" ind2=" " tag="362"><subfield code="a">Jan. 15, 1866-Dec. 4, 1870.</subfield></datafield><datafield ind1=" " ind2=" " tag="500"><subfield code="a">Also published as: Fort Wayne Democrat, &lt;May 21, 1867&gt;.</subfield></datafield><datafield ind1=" " ind2=" " tag="580"><subfield code="a">Weekly ed. : Fort Wayne weekly Democrat.</subfield></datafield><datafield ind1=" " ind2=" " tag="752"><subfield code="a">United States</subfield><subfield code="b">Indiana</subfield><subfield code="c">Allen</subfield><subfield code="d">Fort Wayne.</subfield></datafield><datafield ind1="1" ind2=" " tag="775"><subfield code="t">Fort Wayne weekly Democrat</subfield><subfield code="w">(DLC)sn 87055972</subfield></datafield><datafield ind1="0" ind2="0" tag="780"><subfield code="t">Fort Wayne daily times and sentinel</subfield><subfield code="w">(DLC)sn 84023921</subfield></datafield><datafield ind1="0" ind2="0" tag="785"><subfield code="t">Fort Wayne morning sentinel</subfield><subfield code="w">(DLC)sn 87056646</subfield></datafield></record>